\bibliographystyle{./IEEEtran}
\bibliography{./IEEEabrv,./IEEEexample}

@software{ros,
	author = {{Stanford Artificial Intelligence Laboratory et al.}},
	title = {Robotic Operating System},
	url = {https://www.ros.org},
	version = {ROS Melodic Morenia},
	date = {2018-05-23},
}
